<record><leader>00000cas a22000007a 4500</leader><controlfield tag="001">29049432</controlfield><controlfield tag="008">931019d19121913okuwr ne      0    0eng d</controlfield><controlfield tag="009">15907</controlfield><datafield ind1=" " ind2=" " tag="010"><subfield code="a">sn 93066146 </subfield></datafield><datafield ind1=" " ind2=" " tag="040"><subfield code="a">OBN</subfield><subfield code="b">eng</subfield><subfield code="c">OBN</subfield><subfield code="d">OCL</subfield><subfield code="d">OCLCQ</subfield></datafield><datafield ind1="1" ind2=" " tag="029"><subfield code="a">AU@</subfield><subfield code="b">000022801724</subfield></datafield><datafield ind1=" " ind2=" " tag="042"><subfield code="a">msc</subfield></datafield><datafield ind1="0" ind2="4" tag="245"><subfield code="a">The Coleman news.</subfield></datafield><datafield ind1=" " ind2=" " tag="260"><subfield code="a">Coleman, Johnston County, Okla. :</subfield><subfield code="b">R.A. Hopper and J.E. McClung</subfield></datafield><datafield ind1=" " ind2=" " tag="300"><subfield code="a">v.</subfield></datafield><datafield ind1=" " ind2=" " tag="310"><subfield code="a">Weekly</subfield></datafield><datafield ind1="0" ind2=" " tag="362"><subfield code="a">Vol. 1, no. 1 (Sept. 13, 1912)-</subfield></datafield><datafield ind1=" " ind2="4" tag="651"><subfield code="a">Coleman (Okla.)</subfield><subfield code="v">Newspapers.</subfield></datafield><datafield ind1=" " ind2="4" tag="651"><subfield code="a">Johnston County (Okla.)</subfield><subfield code="v">Newspapers.</subfield></datafield><datafield ind1=" " ind2=" " tag="752"><subfield code="a">United States</subfield><subfield code="b">Oklahoma</subfield><subfield code="c">Johnston</subfield><subfield code="d">Coleman.</subfield></datafield><datafield ind1="0" ind2="0" tag="785"><subfield code="t">Murray leader</subfield><subfield code="w">(DLC)sn 93066147</subfield><subfield code="w">(OCoLC)29049724</subfield></datafield></record>